@misc{per, author={Jayden Lefebvre}, title={Praxis I Personal Engineering Recommendation}}
@misc{designbrief, author={Jayden Lefebvre}, title={Praxis I Framing Sprint Design Brief}}
@misc{candidatestools, author={Jayden Lefebvre}, title={Praxis I Diverging Sprint Candidate Designs and Tools Critique}}
@misc{designcrit, author={Jayden Lefebvre}, title={Praxis I Converging Sprint Design Critique}}
@misc{controlflow, author={Jayden Lefebvre}, title={Praxis II Control Flow Diagram Prototype}}
@misc{hardware, author={Jayden Lefebvre}, title={Praxis II Hardware Prototype}}